<?xml version = "1.0" encoding = "UTF-8"?><OAI-PMH xmlns="http://www.openarchives.org/OAI/2.0/" xmlns:xsi="http://www.w3.org/2001/XMLSchema-instance" xsi:schemaLocation="http://www.openarchives.org/OAI/2.0/ http://www.openarchives.org/OAI/2.0/OAI-PMH.xsd"><ListRecords><record><header><identifier>aleph-publish:005937581</identifier></header><metadata><record xmlns="http://www.ddb.de/professionell/mabxml/mabxml-1.xsd"><leader>00370vM2.01200024------h</leader><controlfield tag="LDR">00370vM2.01200024------h</controlfield><controlfield tag="FMT">MH</controlfield><datafield tag="001" ind1="-" ind2="1"><subfield code="a">HT001012472</subfield></datafield><datafield tag="002" ind1="a" ind2="1"><subfield code="a">19990828</subfield></datafield><controlfield tag="030">a|1uc||||||17</controlfield><datafield tag="037" ind1="b" ind2="1"><subfield code="a">eng</subfield></datafield><controlfield tag="050">a|||||||||||||</controlfield><controlfield tag="051">s|||||||</controlfield><datafield tag="070" ind1="-" ind2="1"><subfield code="a">294</subfield></datafield><datafield tag="078" ind1="o" ind2="1"><subfield code="a">retro</subfield></datafield><datafield tag="080" ind1="-" ind2="1"><subfield code="a">60</subfield></datafield><datafield tag="100" ind1="-" ind2="1"><subfield code="p">Stoller, James H.</subfield><subfield code="9">(DE-588)102709505</subfield></datafield><datafield tag="331" ind1="-" ind2="1"><subfield code="a">On the organs of respiration of the Oniscidae</subfield></datafield><datafield tag="410" ind1="-" ind2="1"><subfield code="a">Stuttgart</subfield></datafield><datafield tag="412" ind1="-" ind2="1"><subfield code="a">Naegele</subfield></datafield><datafield tag="425" ind1="a" ind2="1"><subfield code="a">1899</subfield></datafield><datafield tag="433" ind1="-" ind2="1"><subfield code="a">31, II S. : Ill.</subfield></datafield><datafield tag="451" ind1="-" ind2="1"><subfield code="a">Zoologica ; 25 = Bd. 10</subfield></datafield><datafield tag="453" ind1="-" ind2="1"><subfield code="a">HT001236436</subfield></datafield><datafield tag="455" ind1="-" ind2="1"><subfield code="a">25</subfield></datafield><datafield tag="456" ind1="-" ind2="1"><subfield code="a">25</subfield></datafield><controlfield tag="SYS">005937581</controlfield><datafield tag="LOW" ind1="-" ind2="1"><subfield code="a">K0001</subfield></datafield><datafield tag="LOW" ind1="-" ind2="1"><subfield code="a">Q0003</subfield></datafield><datafield tag="LOW" ind1="-" ind2="1"><subfield code="a">M0001</subfield></datafield><datafield tag="088" ind1=" " ind2=" "><subfield code="a">38</subfield><subfield code="b">00000001</subfield><subfield code="c">1899/00LEIP185</subfield><subfield code="e">ILL Ausleihe</subfield></datafield><datafield tag="088" ind1=" " ind2=" "><subfield code="a">61/90</subfield><subfield code="b">90</subfield><subfield code="c">zx/0874(25)</subfield><subfield code="e">Nicht ausleihbar</subfield></datafield><datafield tag="088" ind1=" " ind2=" "><subfield code="a">6</subfield></datafield><datafield tag="088" ind1=" " ind2=" "><subfield code="a">5 N</subfield></datafield></record></metadata></record></ListRecords></OAI-PMH>